% Encoding: UTF-8

@Article{Alcantara2016,
  author    = {Alcantara, Rosane Lúcia Chicarelli and Melo, Daniela De Castro},
  title     = {O que torna a gestão da demanda na cadeia de suprimentos possível? Um estudo multicaso dos fatores críticos de sucesso},
  journal   = {Gest. Prod.},
  year      = {2016},
  volume    = {23},
  number    = {3},
  pages     = {570-587},
  month     = sep,
  issn      = {1806-9649},
  doi       = {http://dx.doi.org/10.1590/0104-530x2023-15},
  timestamp = {2018-11-25},
  url       = {http://www.scielo.br/scielo.php?script=sci_arttext&pid=S0104-530X2016000300570&lng=pt&nrm=iso},
}

@Article{Greef2014,
  author    = {Greef, Ana Carolina and Marchiori, Patricia Zeni},
  title     = {Atividade de escrita colaborativa: percepção de alunos, princípio cooperativo de grice e social loafing},
  journal   = {Educ. Pesqui.},
  year      = {2014},
  volume    = {40},
  number    = {2},
  pages     = {467-482},
  month     = jun,
  issn      = {1678-4634},
  doi       = {http://dx.doi.org/10.1590/S1517-97022013005000029},
  timestamp = {2018-11-25},
  url       = {http://www.scielo.br/scielo.php?script=sci_arttext&pid=S1517-97022014000200011&lng=pt&nrm=iso},
}

@Comment{jabref-meta: databaseType:bibtex;}
