% This file was created with JabRef 2.10b2.
% Encoding: UTF-8

@Article{Greef2014,
	Title                    = {Atividade de escrita colaborativa},
	Subtitle                 = {Um estudo multicaso dos fatores críticos de sucesso},
	Author                   = {GREEF, Ana Carolina and MARCHIORI, Patricia Zeni},
	Journal                  = {Educ. Pesqui.},
	Year                     = {1998},
	Pages                    = {40--47},
	Volume                   = {40\cite{Alcantara2016,Greef2014,Alcantara2016,Greef2014,Alcantara2016,Greef2014}},
	
	Key                      = {cognitive science, digital computer, dynamical hypothesis, dynamical system},
	Timestamp                = {2014.09.26}
}

@Article{Alcantara2016,
  Title                    = {O que torna a gestão da demanda na cadeia de suprimentos possível?},
  Subtitle                 = {Um estudo multicaso dos fatores críticos de sucesso},
  Author                   = {ALCANTARA, Rosane Lúcia Chicarelli and MELO, Daniela de Castro},
  Journal                  = {Gest. Prod.},
  Year                     = {2016},
  Number                   = {3},
  Pages                    = {570--587},
  Volume                   = {23},

  Mounth                   = {set.},
  Timestamp                = {2018.11.25}
}